

@unpublished{mi-edges,
	author = {\'{E}milie Gillet},
	howpublished = {Mutable Instruments},
	note = {\url{https://mutable-instruments.net/modules/edges/}},
	title = {Edges: Quad Chiptune Audio Generator},
	year = {2013}}
